<record><leader>00000cas a2200000 a 4500</leader><controlfield tag="001">28641259</controlfield><controlfield tag="008">930817d19301934iluwr ne      0    0eng c</controlfield><datafield ind1=" " ind2=" " tag="010"><subfield code="a">sn 93055972 </subfield></datafield><datafield ind1=" " ind2=" " tag="040"><subfield code="a">NVF</subfield><subfield code="b">eng</subfield><subfield code="c">NVF</subfield><subfield code="d">CVF</subfield><subfield code="d">NVF</subfield><subfield code="d">OCLCF</subfield><subfield code="d">OCLCO</subfield></datafield><datafield ind1="1" ind2=" " tag="029"><subfield code="a">AU@</subfield><subfield code="b">000020753669</subfield></datafield><datafield ind1=" " ind2=" " tag="042"><subfield code="a">pcc</subfield></datafield><datafield ind1=" " ind2=" " tag="043"><subfield code="a">n-us-il</subfield></datafield><datafield ind1="0" ind2=" " tag="130"><subfield code="a">Suburban star (Blue Island, Ill. : Blue Island ed.)</subfield></datafield><datafield ind1="1" ind2="0" tag="245"><subfield code="a">Suburban star.</subfield></datafield><datafield ind1=" " ind2=" " tag="260"><subfield code="a">Blue Island, Ill. :</subfield><subfield code="b">Associated Suburban Publishers, Inc.,</subfield><subfield code="c">-1934.</subfield></datafield><datafield ind1=" " ind2=" " tag="300"><subfield code="a">v.</subfield></datafield><datafield ind1=" " ind2=" " tag="310"><subfield code="a">Weekly</subfield></datafield><datafield ind1="1" ind2=" " tag="362"><subfield code="a">Began Aug. 29, 1930.</subfield></datafield><datafield ind1="0" ind2=" " tag="362"><subfield code="a">-v. 57, no. 52 (Dec. 28, 1934).</subfield></datafield><datafield ind1=" " ind2=" " tag="588"><subfield code="a">Description based on: Vol. 55, no. 1 (Jan. 1, 1932).</subfield></datafield><datafield ind1=" " ind2="0" tag="651"><subfield code="a">Blue Island (Ill.)</subfield><subfield code="v">Newspapers.</subfield></datafield><datafield ind1=" " ind2="7" tag="655"><subfield code="a">Newspapers.</subfield><subfield code="2">fast</subfield><subfield code="0">(OCoLC)fst01423814</subfield></datafield><datafield ind1=" " ind2="7" tag="651"><subfield code="a">Illinois</subfield><subfield code="z">Blue Island.</subfield><subfield code="2">fast</subfield><subfield code="0">(OCoLC)fst01217880</subfield></datafield><datafield ind1=" " ind2=" " tag="752"><subfield code="a">United States</subfield><subfield code="b">Illinois</subfield><subfield code="c">Cook</subfield><subfield code="d">Blue Island.</subfield></datafield><datafield ind1="0" ind2=" " tag="775"><subfield code="t">Suburban star (Blue Island, Ill. : Ridge ed.)</subfield><subfield code="w">(DLC)sn 93055976</subfield><subfield code="w">(OCoLC)28639088</subfield></datafield><datafield ind1="0" ind2="0" tag="780"><subfield code="t">Blue Island sun-standard (Blue Island, Ill. : 1918)</subfield><subfield code="w">(DLC)sn 93055971</subfield><subfield code="w">(OCoLC)28639236</subfield></datafield><datafield ind1="0" ind2="0" tag="785"><subfield code="t">Blue Island sun-standard (Blue Island, Ill. : 1935)</subfield><subfield code="w">(DLC)sn 93055973</subfield><subfield code="w">(OCoLC)28641324</subfield></datafield></record>